@article{chromHMM,
author = {Ernst, Jason and Kellis, Manolis},
title = {{ChromHMM: automating chromatin-state discovery and characterization}},
journal = {Nature Publishing Group},
year = {2012},
volume = {9},
number = {3},
pages = {215--216},
month = mar
}

@article{peng2015epigenetic,
  title={Epigenetic regulation of drug metabolism and transport},
  author={Peng, Lai and Zhong, Xiaobo},
  journal={Acta pharmaceutica sinica B},
  volume={5},
  number={2},
  pages={106--112},
  year={2015},
  publisher={Elsevier}
}

 @Manual{sva,
    title = {sva: Surrogate Variable Analysis},
    author = {Jeffrey T. Leek and W. Evan Johnson and Hilary S. Parker and Elana J. Fertig and Andrew E. Jaffe and Yuqing Zhang and John D. Storey and Leonardo Collado Torres},
    year = {2020},
    note = {R package version 3.36.0},
  }

@article{Svenson:2012hq,
author = {Svenson, Karen L and Gatti, Daniel M and Valdar, William and Welsh, Catherine E and Cheng, Riyan and Chesler, Elissa J and Palmer, Abraham A and McMillan, Leonard and Churchill, Gary A},
title = {{High-resolution genetic mapping using the Mouse Diversity outbred population.}},
journal = {Genetics},
year = {2012},
volume = {190},
number = {2},
pages = {437--447},
month = feb
}

@article{lawrence2016lateral,
  title={Lateral thinking: how histone modifications regulate gene expression},
  author={Lawrence, Moyra and Daujat, Sylvain and Schneider, Robert},
  journal={Trends in Genetics},
  volume={32},
  number={1},
  pages={42--56},
  year={2016},
  publisher={Elsevier}
}

@article{jones2012functions,
  title={Functions of DNA methylation: islands, start sites, gene bodies and beyond},
  author={Jones, Peter A},
  journal={Nature Reviews Genetics},
  volume={13},
  number={7},
  pages={484--492},
  year={2012},
  publisher={Nature Publishing Group}
}

@article{moore2013dna,
  title={DNA methylation and its basic function},
  author={Moore, Lisa D and Le, Thuc and Fan, Guoping},
  journal={Neuropsychopharmacology},
  volume={38},
  number={1},
  pages={23--38},
  year={2013},
  publisher={Nature Publishing Group}
}


@Article{pmid21701563,
   Author="Wiench, M.  and John, S.  and Baek, S.  and Johnson, T. A.  and Sung, M. H.  and Escobar, T.  and Simmons, C. A.  and Pearce, K. H.  and Biddie, S. C.  and Sabo, P. J.  and Thurman, R. E.  and Stamatoyannopoulos, J. A.  and Hager, G. L. ",
   Title="{{D}{N}{A} methylation status predicts cell type-specific enhancer activity}",
   Journal="EMBO J",
   Year="2011",
   Volume="30",
   Number="15",
   Pages="3028--3039",
   Month="Jun"
}

@Article{pmid20720541,
   Author="Ji, H.  and Ehrlich, L. I.  and Seita, J.  and Murakami, P.  and Doi, A.  and Lindau, P.  and Lee, H.  and Aryee, M. J.  and Irizarry, R. A.  and Kim, K.  and Rossi, D. J.  and Inlay, M. A.  and Serwold, T.  and Karsunky, H.  and Ho, L.  and Daley, G. Q.  and Weissman, I. L.  and Feinberg, A. P. ",
   Title="{{C}omprehensive methylome map of lineage commitment from haematopoietic progenitors}",
   Journal="Nature",
   Year="2010",
   Volume="467",
   Number="7313",
   Pages="338--342",
   Month="Sep"
}

% 21441907 
@Article{pmid21441907,
   Author="Ernst, J.  and Kheradpour, P.  and Mikkelsen, T. S.  and Shoresh, N.  and Ward, L. D.  and Epstein, C. B.  and Zhang, X.  and Wang, L.  and Issner, R.  and Coyne, M.  and Ku, M.  and Durham, T.  and Kellis, M.  and Bernstein, B. E. ",
   Title="{{M}apping and analysis of chromatin state dynamics in nine human cell types}",
   Journal="Nature",
   Year="2011",
   Volume="473",
   Number="7345",
   Pages="43--49",
   Month="May"
}

% 20657582 
@Article{pmid20657582,
   Author="Ernst, J.  and Kellis, M. ",
   Title="{{D}iscovery and characterization of chromatin states for systematic annotation of the human genome}",
   Journal="Nat Biotechnol",
   Year="2010",
   Volume="28",
   Number="8",
   Pages="817--825",
   Month="Aug"
}

% 20077036 
@Article{pmid20077036,
   Author="Collas, P. ",
   Title="{{T}he current state of chromatin immunoprecipitation}",
   Journal="Mol Biotechnol",
   Year="2010",
   Volume="45",
   Number="1",
   Pages="87--100",
   Month="May"
}

@article{Ashbrook:2019bd,
author = {Ashbrook, David G and Arends, Danny and Prins, Pjotr and Mulligan, Megan K and Roy, Suheeta and Williams, Evan G and Lutz, Cathleen M and Valenzuela, Alicia and Bohl, Casey J and Ingels, Jesse F and McCarty, Melinda S and Centeno, Arthur G and Hager, Reinmar and Auwerx, Johan and Sen, Saunak and Lu, Lu and Williams, Robert W},
title = {{The expanded BXD family of mice: A cohort for experimental systems genetics and precision medicine}},
journal = {bioRxiv},
year = {2019},
volume = {139},
pages = {387--64},
month = jul
}


@article{Ernst:2012ii,
author = {Ernst, Jason and Kellis, Manolis},
title = {{ChromHMM: automating chromatin-state discovery and characterization}},
journal = {Nature Publishing Group},
year = {2012},
volume = {9},
number = {3},
pages = {215--216},
month = mar
}

@article{Chesler:2008ge,
author = {Chesler, Elissa J and Miller, Darla R and Branstetter, Lisa R and Galloway, Leslie D and Jackson, Barbara L and Philip, Vivek M and Voy, Brynn H and Culiat, Cymbeline T and Threadgill, David W and Williams, Robert W and Churchill, Gary A and Johnson, Dabney K and Manly, Kenneth F},
title = {{The Collaborative Cross at Oak Ridge National Laboratory: developing a powerful resource for systems genetics.}},
journal = {Mammalian Genome},
year = {2008},
volume = {19},
number = {6},
pages = {382--389},
month = jun
}

@article{Gatti:2014ko,
author = {Gatti, Daniel M and Svenson, Karen L and Shabalin, Andrey and Wu, Long-Yang and Valdar, William and Simecek, Petr and Goodwin, Neal and Cheng, Riyan and Pomp, Daniel and Palmer, Abraham and Chesler, Elissa J and Broman, Karl W and Churchill, Gary A},
title = {{Quantitative trait locus mapping methods for diversity outbred mice.}},
journal = {G3 (Bethesda, Md.)},
year = {2014},
volume = {4},
number = {9},
pages = {1623--1633},
month = sep
}

% 21154709 
@Article{pmid21154709,
   Author="Langmead, B. ",
   Title="{{A}ligning short sequencing reads with {B}owtie}",
   Journal="Curr Protoc Bioinformatics",
   Year="2010",
   Volume="Chapter 11",
   Pages="Unit 11.7",
   Month="Dec"
}

% 19910308 
@Article{pmid19910308,
   Author="Robinson, M. D.  and McCarthy, D. J.  and Smyth, G. K. ",
   Title="{edge{R}: a {B}ioconductor package for differential expression analysis of digital gene expression data}",
   Journal="Bioinformatics",
   Year="2010",
   Volume="26",
   Number="1",
   Pages="139--140",
   Month="Jan"
}

% 18798982 
@Article{pmid18798982,
   Author="Zhang, Y.  and Liu, T.  and Meyer, C. A.  and Eeckhoute, J.  and Johnson, D. S.  and Bernstein, B. E.  and Nusbaum, C.  and Myers, R. M.  and Brown, M.  and Li, W.  and Liu, X. S. ",
   Title="{{M}odel-based analysis of {C}h{I}{P}-{S}eq ({M}{A}{C}{S})}",
   Journal="Genome Biol",
   Year="2008",
   Volume="9",
   Number="9",
   Pages="R137"
}

% 21493656 
@Article{pmid21493656,
   Author="Krueger, F.  and Andrews, S. R. ",
   Title="{{B}ismark: a flexible aligner and methylation caller for {B}isulfite-{S}eq applications}",
   Journal="Bioinformatics",
   Year="2011",
   Volume="27",
   Number="11",
   Pages="1571--1572",
   Month="Jun"
}

% 29120462 
@Article{pmid29120462,
   Author="Ernst, J.  and Kellis, M. ",
   Title="{{C}hromatin-state discovery and genome annotation with {C}hrom{H}{M}{M}}",
   Journal="Nat Protoc",
   Year="2017",
   Volume="12",
   Number="12",
   Pages="2478--2492",
   Month="Dec"
}

% 21493656 
@Article{pmid21493656,
   Author="Krueger, F.  and Andrews, S. R. ",
   Title="{{B}ismark: a flexible aligner and methylation caller for {B}isulfite-{S}eq applications}",
   Journal="Bioinformatics",
   Year="2011",
   Volume="27",
   Number="11",
   Pages="1571--1572",
   Month="Jun"
}

% 30348905 
@Article{pmid30348905,
   Author="Thompson, M. J.  and Chwiałkowska, K.  and Rubbi, L.  and Lusis, A. J.  and Davis, R. C.  and Srivastava, A.  and Korstanje, R.  and Churchill, G. A.  and Horvath, S.  and Pellegrini, M. ",
   Title="{{A} multi-tissue full lifespan epigenetic clock for mice}",
   Journal="Aging (Albany NY)",
   Year="2018",
   Volume="10",
   Number="10",
   Pages="2832--2854",
   Month="10"
}

% 29120462 
@Article{pmid29120462,
   Author="Ernst, J.  and Kellis, M. ",
   Title="{{C}hromatin-state discovery and genome annotation with {C}hrom{H}{M}{M}}",
   Journal="Nat Protoc",
   Year="2017",
   Volume="12",
   Number="12",
   Pages="2478--2492",
   Month="Dec"
}

% 27899657 
@Article{pmid27899657,
   Author="Dreos, R.  and Ambrosini, G.  and Groux, R.  and Cavin Périer, R.  and Bucher, P. ",
   Title="{{T}he eukaryotic promoter database in its 30th year: focus on non-vertebrate organisms}",
   Journal="Nucleic Acids Res",
   Year="2017",
   Volume="45",
   Number="D1",
   Pages="D51-D55",
   Month="01"
}

% 26578589 
@Article{pmid26578589,
   Author="Lesurf, R.  and Cotto, K. C.  and Wang, G.  and Griffith, M.  and Kasaian, K.  and Jones, S. J.  and Montgomery, S. B.  and Griffith, O. L. ",
   Title="{{O}{R}eg{A}nno 3.0: a community-driven resource for curated regulatory annotation}",
   Journal="Nucleic Acids Res",
   Year="2016",
   Volume="44",
   Number="D1",
   Pages="D126--132",
   Month="Jan"
}

% 26553804 
@Article{pmid26553804,
   Author="O'Leary, N. A.  and Wright, M. W.  and Brister, J. R.  and Ciufo, S.  and Haddad, D.  and McVeigh, R.  and Rajput, B.  and Robbertse, B.  and Smith-White, B.  and Ako-Adjei, D.  and Astashyn, A.  and Badretdin, A.  and Bao, Y.  and Blinkova, O.  and Brover, V.  and Chetvernin, V.  and Choi, J.  and Cox, E.  and Ermolaeva, O.  and Farrell, C. M.  and Goldfarb, T.  and Gupta, T.  and Haft, D.  and Hatcher, E.  and Hlavina, W.  and Joardar, V. S.  and Kodali, V. K.  and Li, W.  and Maglott, D.  and Masterson, P.  and McGarvey, K. M.  and Murphy, M. R.  and O'Neill, K.  and Pujar, S.  and Rangwala, S. H.  and Rausch, D.  and Riddick, L. D.  and Schoch, C.  and Shkeda, A.  and Storz, S. S.  and Sun, H.  and Thibaud-Nissen, F.  and Tolstoy, I.  and Tully, R. E.  and Vatsan, A. R.  and Wallin, C.  and Webb, D.  and Wu, W.  and Landrum, M. J.  and Kimchi, A.  and Tatusova, T.  and DiCuccio, M.  and Kitts, P.  and Murphy, T. D.  and Pruitt, K. D. ",
   Title="{{R}eference sequence ({R}ef{S}eq) database at {N}{C}{B}{I}: current status, taxonomic expansion, and functional annotation}",
   Journal="Nucleic Acids Res",
   Year="2016",
   Volume="44",
   Number="D1",
   Pages="D733--745",
   Month="Jan"
}

% 22955616 
@Article{pmid22955616,
   Author="Dunham, I.  and Kundaje, A.  and Aldred, S. F.  and Collins, P. J.  and Davis, C. A.  and Doyle, F.  and Epstein, C. B.  and Frietze, S.  and Harrow, J.  and Kaul, R.  and Khatun, J.  and Lajoie, B. R.  and Landt, S. G.  and Lee, B. K.  and Pauli, F.  and Rosenbloom, K. R.  and Sabo, P.  and Safi, A.  and Sanyal, A.  and Shoresh, N.  and Simon, J. M.  and Song, L.  and Trinklein, N. D.  and Altshuler, R. C.  and Birney, E.  and Brown, J. B.  and Cheng, C.  and Djebali, S.  and Dong, X.  and Dunham, I.  and Ernst, J.  and Furey, T. S.  and Gerstein, M.  and Giardine, B.  and Greven, M.  and Hardison, R. C.  and Harris, R. S.  and Herrero, J.  and Hoffman, M. M.  and Iyer, S.  and Kellis, M.  and Khatun, J.  and Kheradpour, P.  and Kundaje, A.  and Lassmann, T.  and Li, Q.  and Lin, X.  and Marinov, G. K.  and Merkel, A.  and Mortazavi, A.  and Parker, S. C.  and Reddy, T. E.  and Rozowsky, J.  and Schlesinger, F.  and Thurman, R. E.  and Wang, J.  and Ward, L. D.  and Whitfield, T. W.  and Wilder, S. P.  and Wu, W.  and Xi, H. S.  and Yip, K. Y.  and Zhuang, J.  and Pazin, M. J.  and Lowdon, R. F.  and Dillon, L. A.  and Adams, L. B.  and Kelly, C. J.  and Zhang, J.  and Wexler, J. R.  and Green, E. D.  and Good, P. J.  and Feingold, E. A.  and Bernstein, B. E.  and Birney, E.  and Crawford, G. E.  and Dekker, J.  and Elnitski, L.  and Farnham, P. J.  and Gerstein, M.  and Giddings, M. C.  and Gingeras, T. R.  and Green, E. D.  and Guigó, R.  and Hardison, R. C.  and Hubbard, T. J.  and Kellis, M.  and Kent, W.  and Lieb, J. D.  and Margulies, E. H.  and Myers, R. M.  and Snyder, M.  and Stamatoyannopoulos, J. A.  and Tenenbaum, S. A.  and Weng, Z.  and White, K. P.  and Wold, B.  and Khatun, J.  and Yu, Y.  and Wrobel, J.  and Risk, B. A.  and Gunawardena, H. P.  and Kuiper, H. C.  and Maier, C. W.  and Xie, L.  and Chen, X.  and Giddings, M. C.  and Bernstein, B. E.  and Epstein, C. B.  and Shoresh, N.  and Ernst, J.  and Kheradpour, P.  and Mikkelsen, T. S.  and Gillespie, S.  and Goren, A.  and Ram, O.  and Zhang, X.  and Wang, L.  and Issner, R.  and Coyne, M. J.  and Durham, T.  and Ku, M.  and Truong, T.  and Ward, L. D.  and Altshuler, R. C.  and Eaton, M. L.  and Kellis, M.  and Djebali, S.  and Davis, C. A.  and Merkel, A.  and Dobin, A.  and Lassmann, T.  and Mortazavi, A.  and Tanzer, A.  and Lagarde, J.  and Lin, W.  and Schlesinger, F.  and Xue, C.  and Marinov, G. K.  and Khatun, J.  and Williams, B. A.  and Zaleski, C.  and Rozowsky, J.  and Röder, M.  and Kokocinski, F.  and Abdelhamid, R. F.  and Alioto, T.  and Antoshechkin, I.  and Baer, M. T.  and Batut, P.  and Bell, I.  and Bell, K.  and Chakrabortty, S.  and Chen, X.  and Chrast, J.  and Curado, J.  and Derrien, T.  and Drenkow, J.  and Dumais, E.  and Dumais, J.  and Duttagupta, R.  and Fastuca, M.  and Fejes-Toth, K.  and Ferreira, P.  and Foissac, S.  and Fullwood, M. J.  and Gao, H.  and Gonzalez, D.  and Gordon, A.  and Gunawardena, H. P.  and Howald, C.  and Jha, S.  and Johnson, R.  and Kapranov, P.  and King, B.  and Kingswood, C.  and Li, G.  and Luo, O. J.  and Park, E.  and Preall, J. B.  and Presaud, K.  and Ribeca, P.  and Risk, B. A.  and Robyr, D.  and Ruan, X.  and Sammeth, M.  and Sandhu, K. S.  and Schaeffer, L.  and See, L. H.  and Shahab, A.  and Skancke, J.  and Suzuki, A. M.  and Takahashi, H.  and Tilgner, H.  and Trout, D.  and Walters, N.  and Wang, H.  and Wrobel, J.  and Yu, Y.  and Hayashizaki, Y.  and Harrow, J.  and Gerstein, M.  and Hubbard, T. J.  and Reymond, A.  and Antonarakis, S. E.  and Hannon, G. J.  and Giddings, M. C.  and Ruan, Y.  and Wold, B.  and Carninci, P.  and Guigó, R.  and Gingeras, T. R.  and Rosenbloom, K. R.  and Sloan, C. A.  and Learned, K.  and Malladi, V. S.  and Wong, M. C.  and Barber, G. P.  and Cline, M. S.  and Dreszer, T. R.  and Heitner, S. G.  and Karolchik, D.  and Kent, W.  and Kirkup, V. M.  and Meyer, L. R.  and Long, J. C.  and Maddren, M.  and Raney, B. J.  and Furey, T. S.  and Song, L.  and Grasfeder, L. L.  and Giresi, P. G.  and Lee, B. K.  and Battenhouse, A.  and Sheffield, N. C.  and Simon, J. M.  and Showers, K. A.  and Safi, A.  and London, D.  and Bhinge, A. A.  and Shestak, C.  and Schaner, M. R.  and Kim, S. K.  and Zhang, Z. Z.  and Mieczkowski, P. A.  and Mieczkowska, J. O.  and Liu, Z.  and McDaniell, R. M.  and Ni, Y.  and Rashid, N. U.  and Kim, M. J.  and Adar, S.  and Zhang, Z.  and Wang, T.  and Winter, D.  and Keefe, D.  and Birney, E.  and Iyer, V. R.  and Lieb, J. D.  and Crawford, G. E.  and Li, G.  and Sandhu, K. S.  and Zheng, M.  and Wang, P.  and Luo, O. J.  and Shahab, A.  and Fullwood, M. J.  and Ruan, X.  and Ruan, Y.  and Myers, R. M.  and Pauli, F.  and Williams, B. A.  and Gertz, J.  and Marinov, G. K.  and Reddy, T. E.  and Vielmetter, J.  and Partridge, E.  and Trout, D.  and Varley, K. E.  and Gasper, C.  and Bansal, A.  and Pepke, S.  and Jain, P.  and Amrhein, H.  and Bowling, K. M.  and Anaya, M.  and Cross, M. K.  and King, B.  and Muratet, M. A.  and Antoshechkin, I.  and Newberry, K. M.  and McCue, K.  and Nesmith, A. S.  and Fisher-Aylor, K. I.  and Pusey, B.  and DeSalvo, G.  and Parker, S. L.  and Balasubramanian, S.  and Davis, N. S.  and Meadows, S. K.  and Eggleston, T.  and Gunter, C.  and Newberry, J.  and Levy, S. E.  and Absher, D. M.  and Mortazavi, A.  and Wong, W. H.  and Wold, B.  and Blow, M. J.  and Visel, A.  and Pennachio, L. A.  and Elnitski, L.  and Margulies, E. H.  and Parker, S. C.  and Petrykowska, H. M.  and Abyzov, A.  and Aken, B.  and Barrell, D.  and Barson, G.  and Berry, A.  and Bignell, A.  and Boychenko, V.  and Bussotti, G.  and Chrast, J.  and Davidson, C.  and Derrien, T.  and Despacio-Reyes, G.  and Diekhans, M.  and Ezkurdia, I.  and Frankish, A.  and Gilbert, J.  and Gonzalez, J. M.  and Griffiths, E.  and Harte, R.  and Hendrix, D. A.  and Howald, C.  and Hunt, T.  and Jungreis, I.  and Kay, M.  and Khurana, E.  and Kokocinski, F.  and Leng, J.  and Lin, M. F.  and Loveland, J.  and Lu, Z.  and Manthravadi, D.  and Mariotti, M.  and Mudge, J.  and Mukherjee, G.  and Notredame, C.  and Pei, B.  and Rodriguez, J. M.  and Saunders, G.  and Sboner, A.  and Searle, S.  and Sisu, C.  and Snow, C.  and Steward, C.  and Tanzer, A.  and Tapanari, E.  and Tress, M. L.  and van Baren, M. J.  and Walters, N.  and Washietl, S.  and Wilming, L.  and Zadissa, A.  and Zhang, Z.  and Brent, M.  and Haussler, D.  and Kellis, M.  and Valencia, A.  and Gerstein, M.  and Reymond, A.  and Guigó, R.  and Harrow, J.  and Hubbard, T. J.  and Landt, S. G.  and Frietze, S.  and Abyzov, A.  and Addleman, N.  and Alexander, R. P.  and Auerbach, R. K.  and Balasubramanian, S.  and Bettinger, K.  and Bhardwaj, N.  and Boyle, A. P.  and Cao, A. R.  and Cayting, P.  and Charos, A.  and Cheng, Y.  and Cheng, C.  and Eastman, C.  and Euskirchen, G.  and Fleming, J. D.  and Grubert, F.  and Habegger, L.  and Hariharan, M.  and Harmanci, A.  and Iyengar, S.  and Jin, V. X.  and Karczewski, K. J.  and Kasowski, M.  and Lacroute, P.  and Lam, H.  and Lamarre-Vincent, N.  and Leng, J.  and Lian, J.  and Lindahl-Allen, M.  and Min, R.  and Miotto, B.  and Monahan, H.  and Moqtaderi, Z.  and Mu, X. J.  and O'Geen, H.  and Ouyang, Z.  and Patacsil, D.  and Pei, B.  and Raha, D.  and Ramirez, L.  and Reed, B.  and Rozowsky, J.  and Sboner, A.  and Shi, M.  and Sisu, C.  and Slifer, T.  and Witt, H.  and Wu, L.  and Xu, X.  and Yan, K. K.  and Yang, X.  and Yip, K. Y.  and Zhang, Z.  and Struhl, K.  and Weissman, S. M.  and Gerstein, M.  and Farnham, P. J.  and Snyder, M.  and Tenenbaum, S. A.  and Penalva, L. O.  and Doyle, F.  and Karmakar, S.  and Landt, S. G.  and Bhanvadia, R. R.  and Choudhury, A.  and Domanus, M.  and Ma, L.  and Moran, J.  and Patacsil, D.  and Slifer, T.  and Victorsen, A.  and Yang, X.  and Snyder, M.  and Auer, T.  and Centanin, L.  and Eichenlaub, M.  and Gruhl, F.  and Heermann, S.  and Hoeckendorf, B.  and Inoue, D.  and Kellner, T.  and Kirchmaier, S.  and Mueller, C.  and Reinhardt, R.  and Schertel, L.  and Schneider, S.  and Sinn, R.  and Wittbrodt, B.  and Wittbrodt, J.  and Weng, Z.  and Whitfield, T. W.  and Wang, J.  and Collins, P. J.  and Aldred, S. F.  and Trinklein, N. D.  and Partridge, E. C.  and Myers, R. M.  and Dekker, J.  and Jain, G.  and Lajoie, B. R.  and Sanyal, A.  and Balasundaram, G.  and Bates, D. L.  and Byron, R.  and Canfield, T. K.  and Diegel, M. J.  and Dunn, D.  and Ebersol, A. K.  and Frum, T.  and Garg, K.  and Gist, E.  and Hansen, R.  and Boatman, L.  and Haugen, E.  and Humbert, R.  and Jain, G.  and Johnson, A. K.  and Johnson, E. M.  and Kutyavin, T. V.  and Lajoie, B. R.  and Lee, K.  and Lotakis, D.  and Maurano, M. T.  and Neph, S. J.  and Neri, F. V.  and Nguyen, E. D.  and Qu, H.  and Reynolds, A. P.  and Roach, V.  and Rynes, E.  and Sabo, P.  and Sanchez, M. E.  and Sandstrom, R. S.  and Sanyal, A.  and Shafer, A. O.  and Stergachis, A. B.  and Thomas, S.  and Thurman, R. E.  and Vernot, B.  and Vierstra, J.  and Vong, S.  and Wang, H.  and Weaver, M. A.  and Yan, Y.  and Zhang, M.  and Akey, J. M.  and Bender, M.  and Dorschner, M. O.  and Groudine, M.  and MacCoss, M. J.  and Navas, P.  and Stamatoyannopoulos, G.  and Kaul, R.  and Dekker, J.  and Stamatoyannopoulos, J. A.  and Dunham, I.  and Beal, K.  and Brazma, A.  and Flicek, P.  and Herrero, J.  and Johnson, N.  and Keefe, D.  and Lukk, M.  and Luscombe, N. M.  and Sobral, D.  and Vaquerizas, J. M.  and Wilder, S. P.  and Batzoglou, S.  and Sidow, A.  and Hussami, N.  and Kyriazopoulou-Panagiotopoulou, S.  and Libbrecht, M. W.  and Schaub, M. A.  and Kundaje, A.  and Hardison, R. C.  and Miller, W.  and Giardine, B.  and Harris, R. S.  and Wu, W.  and Bickel, P. J.  and Banfai, B.  and Boley, N. P.  and Brown, J. B.  and Huang, H.  and Li, Q.  and Li, J. J.  and Noble, W. S.  and Bilmes, J. A.  and Buske, O. J.  and Hoffman, M. M.  and Sahu, A. D.  and Kharchenko, P. V.  and Park, P. J.  and Baker, D.  and Taylor, J.  and Weng, Z.  and Iyer, S.  and Dong, X.  and Greven, M.  and Lin, X.  and Wang, J.  and Xi, H. S.  and Zhuang, J.  and Gerstein, M.  and Alexander, R. P.  and Balasubramanian, S.  and Cheng, C.  and Harmanci, A.  and Lochovsky, L.  and Min, R.  and Mu, X. J.  and Rozowsky, J.  and Yan, K. K.  and Yip, K. Y.  and Birney, E. ",
   Title="{{A}n integrated encyclopedia of {D}{N}{A} elements in the human genome}",
   Journal="Nature",
   Year="2012",
   Volume="489",
   Number="7414",
   Pages="57--74",
   Month="Sep"
}

% 12045153 
@Article{pmid12045153,
   Author="Kent, W. J.  and Sugnet, C. W.  and Furey, T. S.  and Roskin, K. M.  and Pringle, T. H.  and Zahler, A. M.  and Haussler, D. ",
   Title="{{T}he human genome browser at {U}{C}{S}{C}}",
   Journal="Genome Res",
   Year="2002",
   Volume="12",
   Number="6",
   Pages="996--1006",
   Month="Jun"
}

% 30591514 
@Article{pmid30591514,
   Author="Broman, K. W.  and Gatti, D. M.  and Simecek, P.  and Furlotte, N. A.  and Prins, P.  and Sen, Ś.  and Yandell, B. S.  and Churchill, G. A. ",
   Title="{{R}/qtl2: {S}oftware for {M}apping {Q}uantitative {T}rait {L}oci with {H}igh-{D}imensional {D}ata and {M}ultiparent {P}opulations}",
   Journal="Genetics",
   Year="2019",
   Volume="211",
   Number="2",
   Pages="495--502",
   Month="02"
}

% 21921916 
@Article{pmid21921916,
   Author="Yalcin, B.  and Wong, K.  and Agam, A.  and Goodson, M.  and Keane, T. M.  and Gan, X.  and Nellåker, C.  and Goodstadt, L.  and Nicod, J.  and Bhomra, A.  and Hernandez-Pliego, P.  and Whitley, H.  and Cleak, J.  and Dutton, R.  and Janowitz, D.  and Mott, R.  and Adams, D. J.  and Flint, J. ",
   Title="{{S}equence-based characterization of structural variation in the mouse genome}",
   Journal="Nature",
   Year="2011",
   Volume="477",
   Number="7364",
   Pages="326--329",
   Month="Sep"
}

% 1921910 
@Article{pmid1921910,
   Author="Jockenhövel, F.  and Grandt, D.  and Weber, F.  and Fritschka, E.  and Philipp, T. ",
   Title="{[{P}lasma exchange as therapy of recurrent hemolytic-uremic syndrome ({H}{U}{S}) in adults]}",
   Journal="Med Klin (Munich)",
   Year="1991",
   Volume="86",
   Number="8",
   Pages="419--422",
   Month="Aug"
}

@Article{pmid32728249,
   Author="Moore, J. E.  and Purcaro, M. J.  and Pratt, H. E.  and Epstein, C. B.  and Shoresh, N.  and Adrian, J.  and Kawli, T.  and Davis, C. A.  and Dobin, A.  and Kaul, R.  and Halow, J.  and Van Nostrand, E. L.  and Freese, P.  and Gorkin, D. U.  and Shen, Y.  and He, Y.  and Mackiewicz, M.  and Pauli-Behn, F.  and Williams, B. A.  and Mortazavi, A.  and Keller, C. A.  and Zhang, X. O.  and Elhajjajy, S. I.  and Huey, J.  and Dickel, D. E.  and Snetkova, V.  and Wei, X.  and Wang, X.  and Rivera-Mulia, J. C.  and Rozowsky, J.  and Zhang, J.  and Chhetri, S. B.  and Zhang, J.  and Victorsen, A.  and White, K. P.  and Visel, A.  and Yeo, G. W.  and Burge, C. B.  and Lécuyer, E.  and Gilbert, D. M.  and Dekker, J.  and Rinn, J.  and Mendenhall, E. M.  and Ecker, J. R.  and Kellis, M.  and Klein, R. J.  and Noble, W. S.  and Kundaje, A.  and Guigó, R.  and Farnham, P. J.  and Cherry, J. M.  and Myers, R. M.  and Ren, B.  and Graveley, B. R.  and Gerstein, M. B.  and Pennacchio, L. A.  and Snyder, M. P.  and Bernstein, B. E.  and Wold, B.  and Hardison, R. C.  and Gingeras, T. R.  and Stamatoyannopoulos, J. A.  and Weng, Z.  and Abascal, F.  and Acosta, R.  and Addleman, N. J.  and Adrian, J.  and Afzal, V.  and Ai, R.  and Aken, B.  and Akiyama, J. A.  and Jammal, O. A.  and Amrhein, H.  and Anderson, S. M.  and Andrews, G. R.  and Antoshechkin, I.  and Ardlie, K. G.  and Armstrong, J.  and Astley, M.  and Banerjee, B.  and Barkal, A. A.  and Barnes, I. H. A.  and Barozzi, I.  and Barrell, D.  and Barson, G.  and Bates, D.  and Baymuradov, U. K.  and Bazile, C.  and Beer, M. A.  and Beik, S.  and Bender, M. A.  and Bennett, R.  and Bouvrette, L. P. B.  and Bernstein, B. E.  and Berry, A.  and Bhaskar, A.  and Bignell, A.  and Blue, S. M.  and Bodine, D. M.  and Boix, C.  and Boley, N.  and Borrman, T.  and Borsari, B.  and Boyle, A. P.  and Brandsmeier, L. A.  and Breschi, A.  and Bresnick, E. H.  and Brooks, J. A.  and Buckley, M.  and Burge, C. B.  and Byron, R.  and Cahill, E.  and Cai, L.  and Cao, L.  and Carty, M.  and Castanon, R. G.  and Castillo, A.  and Chaib, H.  and Chan, E. T.  and Chee, D. R.  and Chee, S.  and Chen, H.  and Chen, H.  and Chen, J. Y.  and Chen, S.  and Cherry, J. M.  and Chhetri, S. B.  and Choudhary, J. S.  and Chrast, J.  and Chung, D.  and Clarke, D.  and Cody, N. A. L.  and Coppola, C. J.  and Coursen, J.  and D'Ippolito, A. M.  and Dalton, S.  and Danyko, C.  and Davidson, C.  and Davila-Velderrain, J.  and Davis, C. A.  and Dekker, J.  and Deran, A.  and DeSalvo, G.  and Despacio-Reyes, G.  and Dewey, C. N.  and Dickel, D. E.  and Diegel, M.  and Diekhans, M.  and Dileep, V.  and Ding, B.  and Djebali, S.  and Dobin, A.  and Dominguez, D.  and Donaldson, S.  and Drenkow, J.  and Dreszer, T. R.  and Drier, Y.  and Duff, M. O.  and Dunn, D.  and Eastman, C.  and Ecker, J. R.  and Edwards, M. D.  and El-Ali, N.  and Elhajjajy, S. I.  and Elkins, K.  and Emili, A.  and Epstein, C. B.  and Evans, R. C.  and Ezkurdia, I.  and Fan, K.  and Farnham, P. J.  and Farrell, N. P.  and Feingold, E. A.  and Ferreira, A. M.  and Fisher-Aylor, K.  and Fitzgerald, S.  and Flicek, P.  and Foo, C. S.  and Fortier, K.  and Frankish, A.  and Freese, P.  and Fu, S.  and Fu, X. D.  and Fu, Y.  and Fukuda-Yuzawa, Y.  and Fulciniti, M.  and Funnell, A. P. W.  and Gabdank, I.  and Galeev, T.  and Gao, M.  and Giron, C. G.  and Garvin, T. H.  and Gelboin-Burkhart, C. A.  and Georgolopoulos, G.  and Gerstein, M. B.  and Giardine, B. M.  and Gifford, D. K.  and Gilbert, D. M.  and Gilchrist, D. A.  and Gillespie, S.  and Gingeras, T. R.  and Gong, P.  and Gonzalez, A.  and Gonzalez, J. M.  and Good, P.  and Goren, A.  and Gorkin, D. U.  and Graveley, B. R.  and Gray, M.  and Greenblatt, J. F.  and Griffiths, E.  and Groudine, M. T.  and Grubert, F.  and Gu, M.  and Guigó, R.  and Guo, H.  and Guo, Y.  and Guo, Y.  and Gursoy, G.  and Gutierrez-Arcelus, M.  and Halow, J.  and Hardison, R. C.  and Hardy, M.  and Hariharan, M.  and Harmanci, A.  and Harrington, A.  and Harrow, J. L.  and Hashimoto, T. B.  and Hasz, R. D.  and Hatan, M.  and Haugen, E.  and Hayes, J. E.  and He, P.  and He, Y.  and Heidari, N.  and Hendrickson, D.  and Heuston, E. F.  and Hilton, J. A.  and Hitz, B. C.  and Hochman, A.  and Holgren, C.  and Hou, L.  and Hou, S.  and Hsiao, Y. E.  and Hsu, S.  and Huang, H.  and Hubbard, T. J.  and Huey, J.  and Hughes, T. R.  and Hunt, T.  and Ibarrientos, S.  and Issner, R.  and Iwata, M.  and Izuogu, O.  and Jaakkola, T.  and Jameel, N.  and Jansen, C.  and Jiang, L.  and Jiang, P.  and Johnson, A.  and Johnson, R.  and Jungreis, I.  and Kadaba, M.  and Kasowski, M.  and Kasparian, M.  and Kato, M.  and Kaul, R.  and Kawli, T.  and Kay, M.  and Keen, J. C.  and Keles, S.  and Keller, C. A.  and Kelley, D.  and Kellis, M.  and Kheradpour, P.  and Kim, D. S.  and Kirilusha, A.  and Klein, R. J.  and Knoechel, B.  and Kuan, S.  and Kulik, M. J.  and Kumar, S.  and Kundaje, A.  and Kutyavin, T.  and Lagarde, J.  and Lajoie, B. R.  and Lambert, N. J.  and Lazar, J.  and Lee, A. Y.  and Lee, D.  and Lee, E.  and Lee, J. W.  and Lee, K.  and Leslie, C. S.  and Levy, S.  and Li, B.  and Li, H.  and Li, N.  and Li, S.  and Li, X.  and Li, Y. I.  and Li, Y.  and Li, Y.  and Li, Y.  and Lian, J.  and Libbrecht, M. W.  and Lin, S.  and Lin, Y.  and Liu, D.  and Liu, J.  and Liu, P.  and Liu, T.  and Liu, X. S.  and Liu, Y.  and Liu, Y.  and Long, M.  and Lou, S.  and Loveland, J.  and Lu, A.  and Lu, Y.  and Lécuyer, E.  and Ma, L.  and Mackiewicz, M.  and Mannion, B. J.  and Mannstadt, M.  and Manthravadi, D.  and Marinov, G. K.  and Martin, F. J.  and Mattei, E.  and McCue, K.  and McEown, M.  and McVicker, G.  and Meadows, S. K.  and Meissner, A.  and Mendenhall, E. M.  and Messer, C. L.  and Meuleman, W.  and Meyer, C.  and Miller, S.  and Milton, M. G.  and Mishra, T.  and Moore, D. E.  and Moore, H. M.  and Moore, J. E.  and Moore, S. H.  and Moran, J.  and Mortazavi, A.  and Mudge, J. M.  and Munshi, N.  and Murad, R.  and Myers, R. M.  and Nandakumar, V.  and Nandi, P.  and Narasimha, A. M.  and Narayanan, A. K.  and Naughton, H.  and Navarro, F. C. P.  and Navas, P.  and Nazarovs, J.  and Nelson, J.  and Neph, S.  and Neri, F. J.  and Nery, J. R.  and Nesmith, A. R.  and Newberry, J. S.  and Newberry, K. M.  and Ngo, V.  and Nguyen, R.  and Nguyen, T. B.  and Nguyen, T.  and Nishida, A.  and Noble, W. S.  and Novak, C. S.  and Novoa, E. M.  and Nuñez, B.  and O'Donnell, C. W.  and Olson, S.  and Onate, K. C.  and Otterman, E.  and Ozadam, H.  and Pagan, M.  and Palden, T.  and Pan, X.  and Park, Y.  and Partridge, E. C.  and Paten, B.  and Pauli-Behn, F.  and Pazin, M. J.  and Pei, B.  and Pennacchio, L. A.  and Perez, A. R.  and Perry, E. H.  and Pervouchine, D. D.  and Phalke, N. N.  and Pham, Q.  and Phanstiel, D. H.  and Plajzer-Frick, I.  and Pratt, G. A.  and Pratt, H. E.  and Preissl, S.  and Pritchard, J. K.  and Pritykin, Y.  and Purcaro, M. J.  and Qin, Q.  and Quinones-Valdez, G.  and Rabano, I.  and Radovani, E.  and Raj, A.  and Rajagopal, N.  and Ram, O.  and Ramirez, L.  and Ramirez, R. N.  and Rausch, D.  and Raychaudhuri, S.  and Raymond, J.  and Razavi, R.  and Reddy, T. E.  and Reimonn, T. M.  and Ren, B.  and Reymond, A.  and Reynolds, A.  and Rhie, S. K.  and Rinn, J.  and Rivera, M.  and Rivera-Mulia, J. C.  and Roberts, B. S.  and Rodriguez, J. M.  and Rozowsky, J.  and Ryan, R.  and Rynes, E.  and Salins, D. N.  and Sandstrom, R.  and Sasaki, T.  and Sathe, S.  and Savic, D.  and Scavelli, A.  and Scheiman, J.  and Schlaffner, C.  and Schloss, J. A.  and Schmitges, F. W.  and See, L. H.  and Sethi, A.  and Setty, M.  and Shafer, A.  and Shan, S.  and Sharon, E.  and Shen, Q.  and Shen, Y.  and Sherwood, R. I.  and Shi, M.  and Shin, S.  and Shoresh, N.  and Siebenthall, K.  and Sisu, C.  and Slifer, T.  and Sloan, C. A.  and Smith, A.  and Snetkova, V.  and Snyder, M. P.  and Spacek, D. V.  and Srinivasan, S.  and Srivas, R.  and Stamatoyannopoulos, G.  and Stamatoyannopoulos, J. A.  and Stanton, R.  and Steffan, D.  and Stehling-Sun, S.  and Strattan, J. S.  and Su, A.  and Sundararaman, B.  and Suner, M. M.  and Syed, T.  and Szynkarek, M.  and Tanaka, F. Y.  and Tenen, D.  and Teng, M.  and Thomas, J. A.  and Toffey, D.  and Tress, M. L.  and Trout, D. E.  and Trynka, G.  and Tsuji, J.  and Upchurch, S. A.  and Ursu, O.  and Uszczynska-Ratajczak, B.  and Uziel, M. C.  and Valencia, A.  and Biber, B. V.  and van der Velde, A. G.  and Van Nostrand, E. L.  and Vaydylevich, Y.  and Vazquez, J.  and Victorsen, A.  and Vielmetter, J.  and Vierstra, J.  and Visel, A.  and Vlasova, A.  and Vockley, C. M.  and Volpi, S.  and Vong, S.  and Wang, H.  and Wang, M.  and Wang, Q.  and Wang, R.  and Wang, T.  and Wang, W.  and Wang, X.  and Wang, Y.  and Watson, N. K.  and Wei, X.  and Wei, Z.  and Weisser, H.  and Weissman, S. M.  and Welch, R.  and Welikson, R. E.  and Weng, Z.  and Westra, H. J.  and Whitaker, J. W.  and White, C.  and White, K. P.  and Wildberg, A.  and Williams, B. A.  and Wine, D.  and Witt, H. N.  and Wold, B.  and Wolf, M.  and Wright, J.  and Xiao, R.  and Xiao, X.  and Xu, J.  and Xu, J.  and Yan, K. K.  and Yan, Y.  and Yang, H.  and Yang, X.  and Yang, Y. W.  and Yardımcı, G. G.  and Yee, B. A.  and Yeo, G. W.  and Young, T.  and Yu, T.  and Yue, F.  and Zaleski, C.  and Zang, C.  and Zeng, H.  and Zeng, W.  and Zerbino, D. R.  and Zhai, J.  and Zhan, L.  and Zhan, Y.  and Zhang, B.  and Zhang, J.  and Zhang, J.  and Zhang, K.  and Zhang, L.  and Zhang, P.  and Zhang, Q.  and Zhang, X. O.  and Zhang, Y.  and Zhang, Z.  and Zhao, Y.  and Zheng, Y.  and Zhong, G.  and Zhou, X. Q.  and Zhu, Y.  and Zimmerman, J. ",
   Title="{{E}xpanded encyclopaedias of {D}{N}{A} elements in the human and mouse genomes}",
   Journal="Nature",
   Year="2020",
   Volume="583",
   Number="7818",
   Pages="699--710",
   Month="07"
}